<?xml version='1.0' encoding='utf-8'?>
<record xmlns="http://www.loc.gov/MARC21/slim" xmlns:xsi="http://www.w3.org/2001/XMLSchema-instance">
  <leader>00000nam^a2200361^a^4500</leader>
  <controlfield tag="001">002862431</controlfield>
  <controlfield tag="005">20101222105151.0</controlfield>
  <controlfield tag="007">hd-afb016buca</controlfield>
  <controlfield tag="008">940715s1991^^^^ilua^^^^a^^^^^001^0^eng^d</controlfield>
  <datafield tag="035" ind1=" " ind2=" ">
    <subfield code="a">(OCoLC)ocm30713964</subfield>
  </datafield>
  <datafield tag="040" ind1=" " ind2=" ">
    <subfield code="a">EYM</subfield>
    <subfield code="c">EYM</subfield>
    <subfield code="d">MiU</subfield>
  </datafield>
  <datafield tag="100" ind1="1" ind2=" ">
    <subfield code="a">Norton, Margaret Cross,</subfield>
    <subfield code="d">1891-</subfield>
  </datafield>
  <datafield tag="245" ind1="1" ind2="4">
    <subfield code="a">The Margaret Cross Norton working papers, 1924-1958</subfield>
    <subfield code="h">[microform].</subfield>
  </datafield>
  <datafield tag="260" ind1=" " ind2=" ">
    <subfield code="a">Springfield, IL :</subfield>
    <subfield code="b">Illinois State Arhives,</subfield>
    <subfield code="c">1991.</subfield>
  </datafield>
  <datafield tag="300" ind1=" " ind2=" ">
    <subfield code="a">8 microfilm reels ;</subfield>
    <subfield code="c">35 mm. +</subfield>
    <subfield code="e">7 microfiches (negative)</subfield>
  </datafield>
  <datafield tag="500" ind1=" " ind2=" ">
    <subfield code="a">Microfilm of Margaret Norton's reports, correspondence, subject files and photographs from the Illinois State Archives, Springfield, Ill. and Archives of the Society of American Archivists, University of Wisconsin Archives, Madison, Wis.</subfield>
  </datafield>
  <datafield tag="500" ind1=" " ind2=" ">
    <subfield code="a">Accompanying microfiches have title: The Margaret Cross Norton working papers, 1924-1958 : an inventory and index / Robert E. Bailey, Elaine Shemoney Evans. 1993.</subfield>
  </datafield>
  <datafield tag="505" ind1="0" ind2=" ">
    <subfield code="a">reel 1-3. Report files, 1922-1956 -- reel 3-4. Subject files, 1934-1957, 1973 -- reel 4-8. Professional correspondence files, 1922-1957 --reel 8. Photographic files, 1930-1957.</subfield>
  </datafield>
  <datafield tag="505" ind1="0" ind2=" ">
    <subfield code="a">Microfiches. Introduction (1 microfiche) -- Thesaurus (1 microfiche) -- Conventional index (1 microfiche) -- Paired index (4 microfiches)</subfield>
  </datafield>
  <datafield tag="590" ind1=" " ind2=" ">
    <subfield code="a">BHL: Library copy does not include microfiches.</subfield>
  </datafield>
  <datafield tag="600" ind1="1" ind2="0">
    <subfield code="a">Norton, Margaret Cross,</subfield>
    <subfield code="d">1891-</subfield>
    <subfield code="x">Archives.</subfield>
  </datafield>
  <datafield tag="610" ind1="1" ind2="0">
    <subfield code="a">Illinois,</subfield>
    <subfield code="b">State Archives Division</subfield>
    <subfield code="x">Archives.</subfield>
  </datafield>
  <datafield tag="610" ind1="1" ind2="0">
    <subfield code="a">Illinois.</subfield>
    <subfield code="b">State Archives Division</subfield>
    <subfield code="x">History</subfield>
    <subfield code="x">Sources.</subfield>
  </datafield>
  <datafield tag="610" ind1="2" ind2="0">
    <subfield code="a">Society of American Archivists</subfield>
    <subfield code="x">Archives.</subfield>
  </datafield>
  <datafield tag="610" ind1="2" ind2="0">
    <subfield code="a">Society of American Archivists</subfield>
    <subfield code="x">History</subfield>
    <subfield code="x">Sources.</subfield>
  </datafield>
  <datafield tag="610" ind1="1" ind2="0">
    <subfield code="a">Illinois</subfield>
    <subfield code="x">Politics and government</subfield>
    <subfield code="x">History</subfield>
    <subfield code="x">Sources.</subfield>
  </datafield>
  <datafield tag="610" ind1="1" ind2="0">
    <subfield code="a">Illinois</subfield>
    <subfield code="x">History</subfield>
    <subfield code="x">Sources.</subfield>
  </datafield>
  <datafield tag="650" ind1=" " ind2="0">
    <subfield code="a">Archives</subfield>
    <subfield code="z">Illinois</subfield>
    <subfield code="x">Administration</subfield>
    <subfield code="x">History</subfield>
    <subfield code="x">Sources.</subfield>
  </datafield>
  <datafield tag="700" ind1="1" ind2=" ">
    <subfield code="a">Bailey, Robert E.</subfield>
  </datafield>
  <datafield tag="700" ind1="1" ind2=" ">
    <subfield code="a">Evans, Elaine Shemony.</subfield>
  </datafield>
  <datafield tag="710" ind1="2" ind2=" ">
    <subfield code="a">Illinois State Archives.</subfield>
  </datafield>
  <datafield tag="852" ind1="8" ind2=" ">
    <subfield code="a">MiU-H</subfield>
    <subfield code="b">BENT</subfield>
    <subfield code="h">2010229 Aa 2</subfield>
  </datafield>
  <datafield tag="998" ind1=" " ind2=" ">
    <subfield code="c">SP6</subfield>
  </datafield>
  <datafield tag="955" ind1=" " ind2=" ">
    <subfield code="b">BENT</subfield>
    <subfield code="p">B4481459</subfield>
  </datafield>
</record>
